%YAML 1.1
%TAG !u! tag:unity3d.com,2011:
--- !u!29 &1
SceneSettings:
  m_ObjectHideFlags: 0
  m_PVSData: 
  m_PVSObjectsArray: []
  m_PVSPortalsArray: []
  m_OcclusionBakeSettings:
    smallestOccluder: 5
    smallestHole: 0.25
    backfaceThreshold: 100
--- !u!104 &2
RenderSettings:
  m_ObjectHideFlags: 0
  serializedVersion: 7
  m_Fog: 0
  m_FogColor: {r: 0.5, g: 0.5, b: 0.5, a: 1}
  m_FogMode: 3
  m_FogDensity: 0.01
  m_LinearFogStart: 0
  m_LinearFogEnd: 300
  m_AmbientSkyColor: {r: 0.212, g: 0.227, b: 0.259, a: 1}
  m_AmbientEquatorColor: {r: 0.114, g: 0.125, b: 0.133, a: 1}
  m_AmbientGroundColor: {r: 0.047, g: 0.043, b: 0.035, a: 1}
  m_AmbientIntensity: 1
  m_AmbientMode: 3
  m_SkyboxMaterial: {fileID: 0}
  m_HaloStrength: 0.5
  m_FlareStrength: 1
  m_FlareFadeSpeed: 3
  m_HaloTexture: {fileID: 0}
  m_SpotCookie: {fileID: 10001, guid: 0000000000000000e000000000000000, type: 0}
  m_DefaultReflectionMode: 0
  m_DefaultReflectionResolution: 128
  m_ReflectionBounces: 1
  m_ReflectionIntensity: 1
  m_CustomReflection: {fileID: 0}
  m_Sun: {fileID: 0}
  m_IndirectSpecularColor: {r: 0, g: 0, b: 0, a: 1}
--- !u!157 &3
LightmapSettings:
  m_ObjectHideFlags: 0
  serializedVersion: 7
  m_GIWorkflowMode: 1
  m_GISettings:
    serializedVersion: 2
    m_BounceScale: 1
    m_IndirectOutputScale: 1
    m_AlbedoBoost: 1
    m_TemporalCoherenceThreshold: 1
    m_EnvironmentLightingMode: 0
    m_EnableBakedLightmaps: 0
    m_EnableRealtimeLightmaps: 0
  m_LightmapEditorSettings:
    serializedVersion: 4
    m_Resolution: 2
    m_BakeResolution: 40
    m_TextureWidth: 1024
    m_TextureHeight: 1024
    m_AO: 0
    m_AOMaxDistance: 1
    m_CompAOExponent: 0
    m_CompAOExponentDirect: 0
    m_Padding: 2
    m_LightmapParameters: {fileID: 0}
    m_LightmapsBakeMode: 1
    m_TextureCompression: 1
    m_DirectLightInLightProbes: 1
    m_FinalGather: 0
    m_FinalGatherFiltering: 1
    m_FinalGatherRayCount: 1024
    m_ReflectionCompression: 2
  m_LightingDataAsset: {fileID: 0}
  m_RuntimeCPUUsage: 25
--- !u!196 &4
NavMeshSettings:
  serializedVersion: 2
  m_ObjectHideFlags: 0
  m_BuildSettings:
    serializedVersion: 2
    agentRadius: 0.5
    agentHeight: 2
    agentSlope: 45
    agentClimb: 0.4
    ledgeDropHeight: 0
    maxJumpAcrossDistance: 0
    accuratePlacement: 0
    minRegionArea: 2
    cellSize: 0.16666667
    manualCellSize: 0
  m_NavMeshData: {fileID: 0}
--- !u!1001 &307138286
Prefab:
  m_ObjectHideFlags: 0
  serializedVersion: 2
  m_Modification:
    m_TransformParent: {fileID: 714729685}
    m_Modifications:
    - target: {fileID: 22440348, guid: e0b0b26a32940e1438086c0a09f67d7d, type: 2}
      propertyPath: m_LocalPosition.x
      value: 0
      objectReference: {fileID: 0}
    - target: {fileID: 22440348, guid: e0b0b26a32940e1438086c0a09f67d7d, type: 2}
      propertyPath: m_LocalPosition.y
      value: 0
      objectReference: {fileID: 0}
    - target: {fileID: 22440348, guid: e0b0b26a32940e1438086c0a09f67d7d, type: 2}
      propertyPath: m_LocalPosition.z
      value: 0
      objectReference: {fileID: 0}
    - target: {fileID: 22440348, guid: e0b0b26a32940e1438086c0a09f67d7d, type: 2}
      propertyPath: m_LocalRotation.x
      value: 0
      objectReference: {fileID: 0}
    - target: {fileID: 22440348, guid: e0b0b26a32940e1438086c0a09f67d7d, type: 2}
      propertyPath: m_LocalRotation.y
      value: 0
      objectReference: {fileID: 0}
    - target: {fileID: 22440348, guid: e0b0b26a32940e1438086c0a09f67d7d, type: 2}
      propertyPath: m_LocalRotation.z
      value: 0.7071068
      objectReference: {fileID: 0}
    - target: {fileID: 22440348, guid: e0b0b26a32940e1438086c0a09f67d7d, type: 2}
      propertyPath: m_LocalRotation.w
      value: 0.7071067
      objectReference: {fileID: 0}
    - target: {fileID: 22440348, guid: e0b0b26a32940e1438086c0a09f67d7d, type: 2}
      propertyPath: m_RootOrder
      value: 3
      objectReference: {fileID: 0}
    - target: {fileID: 22440348, guid: e0b0b26a32940e1438086c0a09f67d7d, type: 2}
      propertyPath: m_AnchoredPosition.x
      value: 100
      objectReference: {fileID: 0}
    - target: {fileID: 22440348, guid: e0b0b26a32940e1438086c0a09f67d7d, type: 2}
      propertyPath: m_AnchoredPosition.y
      value: -100
      objectReference: {fileID: 0}
    - target: {fileID: 22440348, guid: e0b0b26a32940e1438086c0a09f67d7d, type: 2}
      propertyPath: m_SizeDelta.x
      value: 200
      objectReference: {fileID: 0}
    - target: {fileID: 22440348, guid: e0b0b26a32940e1438086c0a09f67d7d, type: 2}
      propertyPath: m_SizeDelta.y
      value: 200
      objectReference: {fileID: 0}
    - target: {fileID: 22440348, guid: e0b0b26a32940e1438086c0a09f67d7d, type: 2}
      propertyPath: m_AnchorMin.x
      value: 0
      objectReference: {fileID: 0}
    - target: {fileID: 22440348, guid: e0b0b26a32940e1438086c0a09f67d7d, type: 2}
      propertyPath: m_AnchorMin.y
      value: 1
      objectReference: {fileID: 0}
    - target: {fileID: 22440348, guid: e0b0b26a32940e1438086c0a09f67d7d, type: 2}
      propertyPath: m_AnchorMax.x
      value: 0
      objectReference: {fileID: 0}
    - target: {fileID: 22440348, guid: e0b0b26a32940e1438086c0a09f67d7d, type: 2}
      propertyPath: m_AnchorMax.y
      value: 1
      objectReference: {fileID: 0}
    - target: {fileID: 22440348, guid: e0b0b26a32940e1438086c0a09f67d7d, type: 2}
      propertyPath: m_Pivot.x
      value: 0.5
      objectReference: {fileID: 0}
    - target: {fileID: 22440348, guid: e0b0b26a32940e1438086c0a09f67d7d, type: 2}
      propertyPath: m_Pivot.y
      value: 0.5
      objectReference: {fileID: 0}
    - target: {fileID: 110310, guid: e0b0b26a32940e1438086c0a09f67d7d, type: 2}
      propertyPath: m_IsActive
      value: 1
      objectReference: {fileID: 0}
    - target: {fileID: 22440348, guid: e0b0b26a32940e1438086c0a09f67d7d, type: 2}
      propertyPath: m_LocalEulerAnglesHint.z
      value: 90
      objectReference: {fileID: 0}
    m_RemovedComponents: []
  m_ParentPrefab: {fileID: 100100000, guid: e0b0b26a32940e1438086c0a09f67d7d, type: 2}
  m_IsPrefabParent: 0
--- !u!224 &307138287 stripped
RectTransform:
  m_PrefabParentObject: {fileID: 22440348, guid: e0b0b26a32940e1438086c0a09f67d7d,
    type: 2}
  m_PrefabInternal: {fileID: 307138286}
--- !u!1 &322984046
GameObject:
  m_ObjectHideFlags: 0
  m_PrefabParentObject: {fileID: 164934, guid: 79fcefa0e9972fb4d94dbf3043f937a0, type: 2}
  m_PrefabInternal: {fileID: 0}
  serializedVersion: 4
  m_Component:
  - 224: {fileID: 322984047}
  - 222: {fileID: 322984049}
  - 114: {fileID: 322984048}
  m_Layer: 0
  m_Name: footer
  m_TagString: Untagged
  m_Icon: {fileID: 0}
  m_NavMeshLayer: 0
  m_StaticEditorFlags: 0
  m_IsActive: 1
--- !u!224 &322984047
RectTransform:
  m_ObjectHideFlags: 0
  m_PrefabParentObject: {fileID: 22435630, guid: 79fcefa0e9972fb4d94dbf3043f937a0,
    type: 2}
  m_PrefabInternal: {fileID: 0}
  m_GameObject: {fileID: 322984046}
  m_LocalRotation: {x: 0, y: 0, z: 0, w: 1}
  m_LocalPosition: {x: 0, y: 0, z: 0}
  m_LocalScale: {x: 1, y: 1, z: 1}
  m_LocalEulerAnglesHint: {x: 0, y: 0, z: 0}
  m_Children:
  - {fileID: 881066993}
  - {fileID: 505665353}
  - {fileID: 831231294}
  m_Father: {fileID: 714729685}
  m_RootOrder: 6
  m_AnchorMin: {x: 0.5, y: 0.5}
  m_AnchorMax: {x: 0.5, y: 0.5}
  m_AnchoredPosition: {x: -0.000045776367, y: -633}
  m_SizeDelta: {x: 1920, y: 173}
  m_Pivot: {x: 0.5, y: 0.5}
--- !u!114 &322984048
MonoBehaviour:
  m_ObjectHideFlags: 0
  m_PrefabParentObject: {fileID: 11467222, guid: 79fcefa0e9972fb4d94dbf3043f937a0,
    type: 2}
  m_PrefabInternal: {fileID: 0}
  m_GameObject: {fileID: 322984046}
  m_Enabled: 1
  m_EditorHideFlags: 0
  m_Script: {fileID: -765806418, guid: f5f67c52d1564df4a8936ccd202a3bd8, type: 3}
  m_Name: 
  m_EditorClassIdentifier: 
  m_Material: {fileID: 0}
  m_Color: {r: 0.36862746, g: 0.7686275, b: 0.9294118, a: 1}
  m_RaycastTarget: 1
  m_OnCullStateChanged:
    m_PersistentCalls:
      m_Calls: []
    m_TypeName: UnityEngine.UI.MaskableGraphic+CullStateChangedEvent, UnityEngine.UI,
      Version=1.0.0.0, Culture=neutral, PublicKeyToken=null
  m_Sprite: {fileID: 0}
  m_Type: 0
  m_PreserveAspect: 0
  m_FillCenter: 1
  m_FillMethod: 4
  m_FillAmount: 1
  m_FillClockwise: 1
  m_FillOrigin: 0
--- !u!222 &322984049
CanvasRenderer:
  m_ObjectHideFlags: 0
  m_PrefabParentObject: {fileID: 22274570, guid: 79fcefa0e9972fb4d94dbf3043f937a0,
    type: 2}
  m_PrefabInternal: {fileID: 0}
  m_GameObject: {fileID: 322984046}
--- !u!1 &505665352
GameObject:
  m_ObjectHideFlags: 0
  m_PrefabParentObject: {fileID: 166870, guid: 79fcefa0e9972fb4d94dbf3043f937a0, type: 2}
  m_PrefabInternal: {fileID: 0}
  serializedVersion: 4
  m_Component:
  - 224: {fileID: 505665353}
  - 222: {fileID: 505665356}
  - 114: {fileID: 505665355}
  - 114: {fileID: 505665354}
  m_Layer: 0
  m_Name: nextPageButton
  m_TagString: Untagged
  m_Icon: {fileID: 0}
  m_NavMeshLayer: 0
  m_StaticEditorFlags: 0
  m_IsActive: 1
--- !u!224 &505665353
RectTransform:
  m_ObjectHideFlags: 0
  m_PrefabParentObject: {fileID: 22440534, guid: 79fcefa0e9972fb4d94dbf3043f937a0,
    type: 2}
  m_PrefabInternal: {fileID: 0}
  m_GameObject: {fileID: 505665352}
  m_LocalRotation: {x: 0, y: 0, z: 0, w: 1}
  m_LocalPosition: {x: 0, y: 0, z: 0}
  m_LocalScale: {x: 1, y: 1, z: 1}
  m_LocalEulerAnglesHint: {x: 0, y: 0, z: 0}
  m_Children:
  - {fileID: 848477745}
  m_Father: {fileID: 322984047}
  m_RootOrder: 1
  m_AnchorMin: {x: 1, y: 0}
  m_AnchorMax: {x: 1, y: 0}
  m_AnchoredPosition: {x: -79.37976, y: 78}
  m_SizeDelta: {x: 158, y: 158}
  m_Pivot: {x: 0.5, y: 0.5}
--- !u!114 &505665354
MonoBehaviour:
  m_ObjectHideFlags: 0
  m_PrefabParentObject: {fileID: 11443102, guid: 79fcefa0e9972fb4d94dbf3043f937a0,
    type: 2}
  m_PrefabInternal: {fileID: 0}
  m_GameObject: {fileID: 505665352}
  m_Enabled: 1
  m_EditorHideFlags: 0
  m_Script: {fileID: 11500000, guid: 0beffde1b93ce1e42a17b224ab498b42, type: 3}
  m_Name: 
  m_EditorClassIdentifier: 
  m_Navigation:
    m_Mode: 3
    m_SelectOnUp: {fileID: 0}
    m_SelectOnDown: {fileID: 0}
    m_SelectOnLeft: {fileID: 0}
    m_SelectOnRight: {fileID: 0}
  m_Transition: 1
  m_Colors:
    m_NormalColor: {r: 1, g: 1, b: 1, a: 1}
    m_HighlightedColor: {r: 0.9607843, g: 0.9607843, b: 0.9607843, a: 1}
    m_PressedColor: {r: 0.78431374, g: 0.78431374, b: 0.78431374, a: 1}
    m_DisabledColor: {r: 0.78431374, g: 0.78431374, b: 0.78431374, a: 0.5019608}
    m_ColorMultiplier: 1
    m_FadeDuration: 0.1
  m_SpriteState:
    m_HighlightedSprite: {fileID: 0}
    m_PressedSprite: {fileID: 0}
    m_DisabledSprite: {fileID: 0}
  m_AnimationTriggers:
    m_NormalTrigger: Normal
    m_HighlightedTrigger: Highlighted
    m_PressedTrigger: Pressed
    m_DisabledTrigger: Disabled
  m_Interactable: 1
  m_TargetGraphic: {fileID: 505665355}
  m_OnClick:
    m_PersistentCalls:
      m_Calls: []
    m_TypeName: UnityEngine.UI.Button+ButtonClickedEvent, UnityEngine.UI, Version=1.0.0.0,
      Culture=neutral, PublicKeyToken=null
--- !u!114 &505665355
MonoBehaviour:
  m_ObjectHideFlags: 0
  m_PrefabParentObject: {fileID: 11439952, guid: 79fcefa0e9972fb4d94dbf3043f937a0,
    type: 2}
  m_PrefabInternal: {fileID: 0}
  m_GameObject: {fileID: 505665352}
  m_Enabled: 1
  m_EditorHideFlags: 0
  m_Script: {fileID: -765806418, guid: f5f67c52d1564df4a8936ccd202a3bd8, type: 3}
  m_Name: 
  m_EditorClassIdentifier: 
  m_Material: {fileID: 0}
  m_Color: {r: 1, g: 1, b: 1, a: 1}
  m_RaycastTarget: 1
  m_OnCullStateChanged:
    m_PersistentCalls:
      m_Calls: []
    m_TypeName: UnityEngine.UI.MaskableGraphic+CullStateChangedEvent, UnityEngine.UI,
      Version=1.0.0.0, Culture=neutral, PublicKeyToken=null
  m_Sprite: {fileID: 21300000, guid: ba58baddea616204a8fe9b43ea434c7b, type: 3}
  m_Type: 0
  m_PreserveAspect: 0
  m_FillCenter: 1
  m_FillMethod: 4
  m_FillAmount: 1
  m_FillClockwise: 1
  m_FillOrigin: 0
--- !u!222 &505665356
CanvasRenderer:
  m_ObjectHideFlags: 0
  m_PrefabParentObject: {fileID: 22215512, guid: 79fcefa0e9972fb4d94dbf3043f937a0,
    type: 2}
  m_PrefabInternal: {fileID: 0}
  m_GameObject: {fileID: 505665352}
--- !u!1 &593763951
GameObject:
  m_ObjectHideFlags: 0
  m_PrefabParentObject: {fileID: 0}
  m_PrefabInternal: {fileID: 0}
  serializedVersion: 4
  m_Component:
  - 4: {fileID: 593763954}
  - 114: {fileID: 593763953}
  - 114: {fileID: 593763952}
  m_Layer: 0
  m_Name: EventSystem
  m_TagString: Untagged
  m_Icon: {fileID: 0}
  m_NavMeshLayer: 0
  m_StaticEditorFlags: 0
  m_IsActive: 1
--- !u!114 &593763952
MonoBehaviour:
  m_ObjectHideFlags: 0
  m_PrefabParentObject: {fileID: 0}
  m_PrefabInternal: {fileID: 0}
  m_GameObject: {fileID: 593763951}
  m_Enabled: 1
  m_EditorHideFlags: 0
  m_Script: {fileID: 1077351063, guid: f5f67c52d1564df4a8936ccd202a3bd8, type: 3}
  m_Name: 
  m_EditorClassIdentifier: 
  m_HorizontalAxis: Horizontal
  m_VerticalAxis: Vertical
  m_SubmitButton: Submit
  m_CancelButton: Cancel
  m_InputActionsPerSecond: 10
  m_RepeatDelay: 0.5
  m_ForceModuleActive: 0
--- !u!114 &593763953
MonoBehaviour:
  m_ObjectHideFlags: 0
  m_PrefabParentObject: {fileID: 0}
  m_PrefabInternal: {fileID: 0}
  m_GameObject: {fileID: 593763951}
  m_Enabled: 1
  m_EditorHideFlags: 0
  m_Script: {fileID: -619905303, guid: f5f67c52d1564df4a8936ccd202a3bd8, type: 3}
  m_Name: 
  m_EditorClassIdentifier: 
  m_FirstSelected: {fileID: 0}
  m_sendNavigationEvents: 1
  m_DragThreshold: 5
--- !u!4 &593763954
Transform:
  m_ObjectHideFlags: 0
  m_PrefabParentObject: {fileID: 0}
  m_PrefabInternal: {fileID: 0}
  m_GameObject: {fileID: 593763951}
  m_LocalRotation: {x: 0, y: 0, z: 0, w: 1}
  m_LocalPosition: {x: 0, y: 0, z: 0}
  m_LocalScale: {x: 1, y: 1, z: 1}
  m_LocalEulerAnglesHint: {x: 0, y: 0, z: 0}
  m_Children: []
  m_Father: {fileID: 0}
  m_RootOrder: 2
--- !u!1001 &709854608
Prefab:
  m_ObjectHideFlags: 0
  serializedVersion: 2
  m_Modification:
    m_TransformParent: {fileID: 714729685}
    m_Modifications:
    - target: {fileID: 22468566, guid: 4fd3632d6b4acaf45825e513d68e6683, type: 2}
      propertyPath: m_LocalPosition.x
      value: 0
      objectReference: {fileID: 0}
    - target: {fileID: 22468566, guid: 4fd3632d6b4acaf45825e513d68e6683, type: 2}
      propertyPath: m_LocalPosition.y
      value: 0
      objectReference: {fileID: 0}
    - target: {fileID: 22468566, guid: 4fd3632d6b4acaf45825e513d68e6683, type: 2}
      propertyPath: m_LocalPosition.z
      value: 0
      objectReference: {fileID: 0}
    - target: {fileID: 22468566, guid: 4fd3632d6b4acaf45825e513d68e6683, type: 2}
      propertyPath: m_LocalRotation.x
      value: 0
      objectReference: {fileID: 0}
    - target: {fileID: 22468566, guid: 4fd3632d6b4acaf45825e513d68e6683, type: 2}
      propertyPath: m_LocalRotation.y
      value: 0
      objectReference: {fileID: 0}
    - target: {fileID: 22468566, guid: 4fd3632d6b4acaf45825e513d68e6683, type: 2}
      propertyPath: m_LocalRotation.z
      value: 0
      objectReference: {fileID: 0}
    - target: {fileID: 22468566, guid: 4fd3632d6b4acaf45825e513d68e6683, type: 2}
      propertyPath: m_LocalRotation.w
      value: 1
      objectReference: {fileID: 0}
    - target: {fileID: 22468566, guid: 4fd3632d6b4acaf45825e513d68e6683, type: 2}
      propertyPath: m_RootOrder
      value: 7
      objectReference: {fileID: 0}
    - target: {fileID: 22468566, guid: 4fd3632d6b4acaf45825e513d68e6683, type: 2}
      propertyPath: m_AnchoredPosition.x
      value: -423.00006
      objectReference: {fileID: 0}
    - target: {fileID: 22468566, guid: 4fd3632d6b4acaf45825e513d68e6683, type: 2}
      propertyPath: m_AnchoredPosition.y
      value: 620
      objectReference: {fileID: 0}
    - target: {fileID: 22468566, guid: 4fd3632d6b4acaf45825e513d68e6683, type: 2}
      propertyPath: m_SizeDelta.x
      value: -1291
      objectReference: {fileID: 0}
    - target: {fileID: 22468566, guid: 4fd3632d6b4acaf45825e513d68e6683, type: 2}
      propertyPath: m_SizeDelta.y
      value: -1240
      objectReference: {fileID: 0}
    - target: {fileID: 22468566, guid: 4fd3632d6b4acaf45825e513d68e6683, type: 2}
      propertyPath: m_AnchorMin.x
      value: 0
      objectReference: {fileID: 0}
    - target: {fileID: 22468566, guid: 4fd3632d6b4acaf45825e513d68e6683, type: 2}
      propertyPath: m_AnchorMin.y
      value: 0
      objectReference: {fileID: 0}
    - target: {fileID: 22468566, guid: 4fd3632d6b4acaf45825e513d68e6683, type: 2}
      propertyPath: m_AnchorMax.x
      value: 1
      objectReference: {fileID: 0}
    - target: {fileID: 22468566, guid: 4fd3632d6b4acaf45825e513d68e6683, type: 2}
      propertyPath: m_AnchorMax.y
      value: 1
      objectReference: {fileID: 0}
    - target: {fileID: 22468566, guid: 4fd3632d6b4acaf45825e513d68e6683, type: 2}
      propertyPath: m_Pivot.x
      value: 0.5
      objectReference: {fileID: 0}
    - target: {fileID: 22468566, guid: 4fd3632d6b4acaf45825e513d68e6683, type: 2}
      propertyPath: m_Pivot.y
      value: 0.5
      objectReference: {fileID: 0}
    - target: {fileID: 122238, guid: 4fd3632d6b4acaf45825e513d68e6683, type: 2}
      propertyPath: m_IsActive
      value: 0
      objectReference: {fileID: 0}
    m_RemovedComponents: []
  m_ParentPrefab: {fileID: 100100000, guid: 4fd3632d6b4acaf45825e513d68e6683, type: 2}
  m_IsPrefabParent: 0
--- !u!224 &709854609 stripped
RectTransform:
  m_PrefabParentObject: {fileID: 22468566, guid: 4fd3632d6b4acaf45825e513d68e6683,
    type: 2}
  m_PrefabInternal: {fileID: 709854608}
--- !u!1 &714729684
GameObject:
  m_ObjectHideFlags: 0
  m_PrefabParentObject: {fileID: 0}
  m_PrefabInternal: {fileID: 0}
  serializedVersion: 4
  m_Component:
  - 224: {fileID: 714729685}
  - 223: {fileID: 714729688}
  - 114: {fileID: 714729687}
  - 114: {fileID: 714729686}
  m_Layer: 0
  m_Name: Canvas
  m_TagString: Untagged
  m_Icon: {fileID: 0}
  m_NavMeshLayer: 0
  m_StaticEditorFlags: 0
  m_IsActive: 1
--- !u!224 &714729685
RectTransform:
  m_ObjectHideFlags: 0
  m_PrefabParentObject: {fileID: 0}
  m_PrefabInternal: {fileID: 0}
  m_GameObject: {fileID: 714729684}
  m_LocalRotation: {x: 0, y: 0, z: 0, w: 1}
  m_LocalPosition: {x: 0, y: 0, z: 0}
  m_LocalScale: {x: 0, y: 0, z: 0}
  m_LocalEulerAnglesHint: {x: 0, y: 0, z: 0}
  m_Children:
  - {fileID: 734615601}
  - {fileID: 1280672445}
  - {fileID: 973742921}
  - {fileID: 307138287}
  - {fileID: 1148973301}
  - {fileID: 1533253386}
  - {fileID: 322984047}
  - {fileID: 709854609}
  m_Father: {fileID: 1174630406}
  m_RootOrder: 0
  m_AnchorMin: {x: 0, y: 0}
  m_AnchorMax: {x: 0, y: 0}
  m_AnchoredPosition: {x: 0, y: 0}
  m_SizeDelta: {x: 0, y: 0}
  m_Pivot: {x: 0, y: 0}
--- !u!114 &714729686
MonoBehaviour:
  m_ObjectHideFlags: 0
  m_PrefabParentObject: {fileID: 0}
  m_PrefabInternal: {fileID: 0}
  m_GameObject: {fileID: 714729684}
  m_Enabled: 1
  m_EditorHideFlags: 0
  m_Script: {fileID: 1301386320, guid: f5f67c52d1564df4a8936ccd202a3bd8, type: 3}
  m_Name: 
  m_EditorClassIdentifier: 
  m_IgnoreReversedGraphics: 1
  m_BlockingObjects: 0
  m_BlockingMask:
    serializedVersion: 2
    m_Bits: 4294967295
--- !u!114 &714729687
MonoBehaviour:
  m_ObjectHideFlags: 0
  m_PrefabParentObject: {fileID: 0}
  m_PrefabInternal: {fileID: 0}
  m_GameObject: {fileID: 714729684}
  m_Enabled: 1
  m_EditorHideFlags: 0
  m_Script: {fileID: 1980459831, guid: f5f67c52d1564df4a8936ccd202a3bd8, type: 3}
  m_Name: 
  m_EditorClassIdentifier: 
  m_UiScaleMode: 1
  m_ReferencePixelsPerUnit: 100
  m_ScaleFactor: 1
  m_ReferenceResolution: {x: 1920, y: 1440}
  m_ScreenMatchMode: 0
  m_MatchWidthOrHeight: 1
  m_PhysicalUnit: 3
  m_FallbackScreenDPI: 96
  m_DefaultSpriteDPI: 96
  m_DynamicPixelsPerUnit: 1
--- !u!223 &714729688
Canvas:
  m_ObjectHideFlags: 0
  m_PrefabParentObject: {fileID: 0}
  m_PrefabInternal: {fileID: 0}
  m_GameObject: {fileID: 714729684}
  m_Enabled: 1
  serializedVersion: 2
  m_RenderMode: 0
  m_Camera: {fileID: 0}
  m_PlaneDistance: 100
  m_PixelPerfect: 0
  m_ReceivesEvents: 1
  m_OverrideSorting: 0
  m_OverridePixelPerfect: 0
  m_SortingBucketNormalizedSize: 0
  m_SortingLayerID: 0
  m_SortingOrder: 0
  m_TargetDisplay: 0
--- !u!1 &734615600
GameObject:
  m_ObjectHideFlags: 0
  m_PrefabParentObject: {fileID: 0}
  m_PrefabInternal: {fileID: 0}
  serializedVersion: 4
  m_Component:
  - 224: {fileID: 734615601}
  - 222: {fileID: 734615603}
  - 114: {fileID: 734615602}
  m_Layer: 0
  m_Name: Image
  m_TagString: Untagged
  m_Icon: {fileID: 0}
  m_NavMeshLayer: 0
  m_StaticEditorFlags: 0
  m_IsActive: 0
--- !u!224 &734615601
RectTransform:
  m_ObjectHideFlags: 0
  m_PrefabParentObject: {fileID: 0}
  m_PrefabInternal: {fileID: 0}
  m_GameObject: {fileID: 734615600}
  m_LocalRotation: {x: 0, y: 0, z: 0, w: 1}
  m_LocalPosition: {x: 0, y: 0, z: 0}
  m_LocalScale: {x: 1, y: 1, z: 1}
  m_LocalEulerAnglesHint: {x: 0, y: 0, z: 0}
  m_Children: []
  m_Father: {fileID: 714729685}
  m_RootOrder: 0
  m_AnchorMin: {x: 0.5, y: 0.5}
  m_AnchorMax: {x: 0.5, y: 0.5}
  m_AnchoredPosition: {x: 0, y: -636}
  m_SizeDelta: {x: 1920, y: 169}
  m_Pivot: {x: 0.5, y: 0.5}
--- !u!114 &734615602
MonoBehaviour:
  m_ObjectHideFlags: 0
  m_PrefabParentObject: {fileID: 0}
  m_PrefabInternal: {fileID: 0}
  m_GameObject: {fileID: 734615600}
  m_Enabled: 1
  m_EditorHideFlags: 0
  m_Script: {fileID: -765806418, guid: f5f67c52d1564df4a8936ccd202a3bd8, type: 3}
  m_Name: 
  m_EditorClassIdentifier: 
  m_Material: {fileID: 0}
  m_Color: {r: 0.36862746, g: 0.7686275, b: 0.9294118, a: 1}
  m_RaycastTarget: 1
  m_OnCullStateChanged:
    m_PersistentCalls:
      m_Calls: []
    m_TypeName: UnityEngine.UI.MaskableGraphic+CullStateChangedEvent, UnityEngine.UI,
      Version=1.0.0.0, Culture=neutral, PublicKeyToken=null
  m_Sprite: {fileID: 0}
  m_Type: 0
  m_PreserveAspect: 0
  m_FillCenter: 1
  m_FillMethod: 4
  m_FillAmount: 1
  m_FillClockwise: 1
  m_FillOrigin: 0
--- !u!222 &734615603
CanvasRenderer:
  m_ObjectHideFlags: 0
  m_PrefabParentObject: {fileID: 0}
  m_PrefabInternal: {fileID: 0}
  m_GameObject: {fileID: 734615600}
--- !u!1 &831231293
GameObject:
  m_ObjectHideFlags: 0
  m_PrefabParentObject: {fileID: 118172, guid: 79fcefa0e9972fb4d94dbf3043f937a0, type: 2}
  m_PrefabInternal: {fileID: 0}
  serializedVersion: 4
  m_Component:
  - 224: {fileID: 831231294}
  - 222: {fileID: 831231297}
  - 114: {fileID: 831231296}
  - 114: {fileID: 831231295}
  m_Layer: 0
  m_Name: ticButton
  m_TagString: Untagged
  m_Icon: {fileID: 0}
  m_NavMeshLayer: 0
  m_StaticEditorFlags: 0
  m_IsActive: 1
--- !u!224 &831231294
RectTransform:
  m_ObjectHideFlags: 0
  m_PrefabParentObject: {fileID: 22424072, guid: 79fcefa0e9972fb4d94dbf3043f937a0,
    type: 2}
  m_PrefabInternal: {fileID: 0}
  m_GameObject: {fileID: 831231293}
  m_LocalRotation: {x: 0, y: 0, z: 0, w: 1}
  m_LocalPosition: {x: 0, y: 0, z: 0}
  m_LocalScale: {x: 1, y: 1, z: 1}
  m_LocalEulerAnglesHint: {x: 0, y: 0, z: 0}
  m_Children: []
  m_Father: {fileID: 322984047}
  m_RootOrder: 2
  m_AnchorMin: {x: 0.5, y: 0}
  m_AnchorMax: {x: 0.5, y: 0}
  m_AnchoredPosition: {x: 3.0000305, y: 86}
  m_SizeDelta: {x: 130, y: 130}
  m_Pivot: {x: 0.5, y: 0.5}
--- !u!114 &831231295
MonoBehaviour:
  m_ObjectHideFlags: 0
  m_PrefabParentObject: {fileID: 11411678, guid: 79fcefa0e9972fb4d94dbf3043f937a0,
    type: 2}
  m_PrefabInternal: {fileID: 0}
  m_GameObject: {fileID: 831231293}
  m_Enabled: 1
  m_EditorHideFlags: 0
  m_Script: {fileID: 11500000, guid: 0beffde1b93ce1e42a17b224ab498b42, type: 3}
  m_Name: 
  m_EditorClassIdentifier: 
  m_Navigation:
    m_Mode: 3
    m_SelectOnUp: {fileID: 0}
    m_SelectOnDown: {fileID: 0}
    m_SelectOnLeft: {fileID: 0}
    m_SelectOnRight: {fileID: 0}
  m_Transition: 1
  m_Colors:
    m_NormalColor: {r: 1, g: 1, b: 1, a: 1}
    m_HighlightedColor: {r: 0.9607843, g: 0.9607843, b: 0.9607843, a: 1}
    m_PressedColor: {r: 0.78431374, g: 0.78431374, b: 0.78431374, a: 1}
    m_DisabledColor: {r: 0.78431374, g: 0.78431374, b: 0.78431374, a: 0.5019608}
    m_ColorMultiplier: 1
    m_FadeDuration: 0.1
  m_SpriteState:
    m_HighlightedSprite: {fileID: 0}
    m_PressedSprite: {fileID: 0}
    m_DisabledSprite: {fileID: 0}
  m_AnimationTriggers:
    m_NormalTrigger: Normal
    m_HighlightedTrigger: Highlighted
    m_PressedTrigger: Pressed
    m_DisabledTrigger: Disabled
  m_Interactable: 1
  m_TargetGraphic: {fileID: 831231296}
  m_OnClick:
    m_PersistentCalls:
      m_Calls: []
    m_TypeName: UnityEngine.UI.Button+ButtonClickedEvent, UnityEngine.UI, Version=1.0.0.0,
      Culture=neutral, PublicKeyToken=null
--- !u!114 &831231296
MonoBehaviour:
  m_ObjectHideFlags: 0
  m_PrefabParentObject: {fileID: 11407434, guid: 79fcefa0e9972fb4d94dbf3043f937a0,
    type: 2}
  m_PrefabInternal: {fileID: 0}
  m_GameObject: {fileID: 831231293}
  m_Enabled: 1
  m_EditorHideFlags: 0
  m_Script: {fileID: -765806418, guid: f5f67c52d1564df4a8936ccd202a3bd8, type: 3}
  m_Name: 
  m_EditorClassIdentifier: 
  m_Material: {fileID: 0}
  m_Color: {r: 1, g: 1, b: 1, a: 1}
  m_RaycastTarget: 1
  m_OnCullStateChanged:
    m_PersistentCalls:
      m_Calls: []
    m_TypeName: UnityEngine.UI.MaskableGraphic+CullStateChangedEvent, UnityEngine.UI,
      Version=1.0.0.0, Culture=neutral, PublicKeyToken=null
  m_Sprite: {fileID: 21300000, guid: cb46c510a8ec1c94b8533435b9c57e66, type: 3}
  m_Type: 0
  m_PreserveAspect: 0
  m_FillCenter: 1
  m_FillMethod: 4
  m_FillAmount: 1
  m_FillClockwise: 1
  m_FillOrigin: 0
--- !u!222 &831231297
CanvasRenderer:
  m_ObjectHideFlags: 0
  m_PrefabParentObject: {fileID: 22218838, guid: 79fcefa0e9972fb4d94dbf3043f937a0,
    type: 2}
  m_PrefabInternal: {fileID: 0}
  m_GameObject: {fileID: 831231293}
--- !u!1 &848477744
GameObject:
  m_ObjectHideFlags: 0
  m_PrefabParentObject: {fileID: 166588, guid: 79fcefa0e9972fb4d94dbf3043f937a0, type: 2}
  m_PrefabInternal: {fileID: 0}
  serializedVersion: 4
  m_Component:
  - 224: {fileID: 848477745}
  - 222: {fileID: 848477747}
  - 114: {fileID: 848477746}
  m_Layer: 0
  m_Name: Image
  m_TagString: Untagged
  m_Icon: {fileID: 0}
  m_NavMeshLayer: 0
  m_StaticEditorFlags: 0
  m_IsActive: 1
--- !u!224 &848477745
RectTransform:
  m_ObjectHideFlags: 0
  m_PrefabParentObject: {fileID: 22487234, guid: 79fcefa0e9972fb4d94dbf3043f937a0,
    type: 2}
  m_PrefabInternal: {fileID: 0}
  m_GameObject: {fileID: 848477744}
  m_LocalRotation: {x: 0, y: 0, z: 0, w: 1}
  m_LocalPosition: {x: 0, y: 0, z: 0}
  m_LocalScale: {x: 1, y: 1, z: 1}
  m_LocalEulerAnglesHint: {x: 0, y: 0, z: 0}
  m_Children: []
  m_Father: {fileID: 505665353}
  m_RootOrder: 0
  m_AnchorMin: {x: 0.5, y: 0.5}
  m_AnchorMax: {x: 0.5, y: 0.5}
  m_AnchoredPosition: {x: 1, y: -1}
  m_SizeDelta: {x: 179, y: 179}
  m_Pivot: {x: 0.5, y: 0.5}
--- !u!114 &848477746
MonoBehaviour:
  m_ObjectHideFlags: 0
  m_PrefabParentObject: {fileID: 11417712, guid: 79fcefa0e9972fb4d94dbf3043f937a0,
    type: 2}
  m_PrefabInternal: {fileID: 0}
  m_GameObject: {fileID: 848477744}
  m_Enabled: 1
  m_EditorHideFlags: 0
  m_Script: {fileID: -765806418, guid: f5f67c52d1564df4a8936ccd202a3bd8, type: 3}
  m_Name: 
  m_EditorClassIdentifier: 
  m_Material: {fileID: 0}
  m_Color: {r: 0.09411766, g: 0.20784315, b: 0.3529412, a: 1}
  m_RaycastTarget: 1
  m_OnCullStateChanged:
    m_PersistentCalls:
      m_Calls: []
    m_TypeName: UnityEngine.UI.MaskableGraphic+CullStateChangedEvent, UnityEngine.UI,
      Version=1.0.0.0, Culture=neutral, PublicKeyToken=null
  m_Sprite: {fileID: 21300000, guid: 1f6c93617dc303f4f8382013b59d4614, type: 3}
  m_Type: 0
  m_PreserveAspect: 0
  m_FillCenter: 1
  m_FillMethod: 4
  m_FillAmount: 1
  m_FillClockwise: 1
  m_FillOrigin: 0
--- !u!222 &848477747
CanvasRenderer:
  m_ObjectHideFlags: 0
  m_PrefabParentObject: {fileID: 22274588, guid: 79fcefa0e9972fb4d94dbf3043f937a0,
    type: 2}
  m_PrefabInternal: {fileID: 0}
  m_GameObject: {fileID: 848477744}
--- !u!1 &881066992
GameObject:
  m_ObjectHideFlags: 0
  m_PrefabParentObject: {fileID: 184008, guid: 79fcefa0e9972fb4d94dbf3043f937a0, type: 2}
  m_PrefabInternal: {fileID: 0}
  serializedVersion: 4
  m_Component:
  - 224: {fileID: 881066993}
  - 222: {fileID: 881066996}
  - 114: {fileID: 881066995}
  - 114: {fileID: 881066994}
  m_Layer: 0
  m_Name: prevPageButton
  m_TagString: Untagged
  m_Icon: {fileID: 0}
  m_NavMeshLayer: 0
  m_StaticEditorFlags: 0
  m_IsActive: 1
--- !u!224 &881066993
RectTransform:
  m_ObjectHideFlags: 0
  m_PrefabParentObject: {fileID: 22403860, guid: 79fcefa0e9972fb4d94dbf3043f937a0,
    type: 2}
  m_PrefabInternal: {fileID: 0}
  m_GameObject: {fileID: 881066992}
  m_LocalRotation: {x: 0, y: 0, z: -0.7071068, w: 0.7071067}
  m_LocalPosition: {x: 0, y: 0, z: 0}
  m_LocalScale: {x: 1, y: 1, z: 1}
  m_LocalEulerAnglesHint: {x: 0, y: 0, z: 0}
  m_Children:
  - {fileID: 1506498442}
  m_Father: {fileID: 322984047}
  m_RootOrder: 0
  m_AnchorMin: {x: 0, y: 0}
  m_AnchorMax: {x: 0, y: 0}
  m_AnchoredPosition: {x: 79.380005, y: 79}
  m_SizeDelta: {x: 158, y: 158}
  m_Pivot: {x: 0.5, y: 0.5}
--- !u!114 &881066994
MonoBehaviour:
  m_ObjectHideFlags: 0
  m_PrefabParentObject: {fileID: 11407036, guid: 79fcefa0e9972fb4d94dbf3043f937a0,
    type: 2}
  m_PrefabInternal: {fileID: 0}
  m_GameObject: {fileID: 881066992}
  m_Enabled: 1
  m_EditorHideFlags: 0
  m_Script: {fileID: 11500000, guid: 0beffde1b93ce1e42a17b224ab498b42, type: 3}
  m_Name: 
  m_EditorClassIdentifier: 
  m_Navigation:
    m_Mode: 3
    m_SelectOnUp: {fileID: 0}
    m_SelectOnDown: {fileID: 0}
    m_SelectOnLeft: {fileID: 0}
    m_SelectOnRight: {fileID: 0}
  m_Transition: 1
  m_Colors:
    m_NormalColor: {r: 1, g: 1, b: 1, a: 1}
    m_HighlightedColor: {r: 0.9607843, g: 0.9607843, b: 0.9607843, a: 1}
    m_PressedColor: {r: 0.78431374, g: 0.78431374, b: 0.78431374, a: 1}
    m_DisabledColor: {r: 0.78431374, g: 0.78431374, b: 0.78431374, a: 0.5019608}
    m_ColorMultiplier: 1
    m_FadeDuration: 0.1
  m_SpriteState:
    m_HighlightedSprite: {fileID: 0}
    m_PressedSprite: {fileID: 0}
    m_DisabledSprite: {fileID: 0}
  m_AnimationTriggers:
    m_NormalTrigger: Normal
    m_HighlightedTrigger: Highlighted
    m_PressedTrigger: Pressed
    m_DisabledTrigger: Disabled
  m_Interactable: 1
  m_TargetGraphic: {fileID: 881066995}
  m_OnClick:
    m_PersistentCalls:
      m_Calls: []
    m_TypeName: UnityEngine.UI.Button+ButtonClickedEvent, UnityEngine.UI, Version=1.0.0.0,
      Culture=neutral, PublicKeyToken=null
--- !u!114 &881066995
MonoBehaviour:
  m_ObjectHideFlags: 0
  m_PrefabParentObject: {fileID: 11488834, guid: 79fcefa0e9972fb4d94dbf3043f937a0,
    type: 2}
  m_PrefabInternal: {fileID: 0}
  m_GameObject: {fileID: 881066992}
  m_Enabled: 1
  m_EditorHideFlags: 0
  m_Script: {fileID: -765806418, guid: f5f67c52d1564df4a8936ccd202a3bd8, type: 3}
  m_Name: 
  m_EditorClassIdentifier: 
  m_Material: {fileID: 0}
  m_Color: {r: 1, g: 1, b: 1, a: 1}
  m_RaycastTarget: 1
  m_OnCullStateChanged:
    m_PersistentCalls:
      m_Calls: []
    m_TypeName: UnityEngine.UI.MaskableGraphic+CullStateChangedEvent, UnityEngine.UI,
      Version=1.0.0.0, Culture=neutral, PublicKeyToken=null
  m_Sprite: {fileID: 21300000, guid: ba58baddea616204a8fe9b43ea434c7b, type: 3}
  m_Type: 0
  m_PreserveAspect: 0
  m_FillCenter: 1
  m_FillMethod: 4
  m_FillAmount: 1
  m_FillClockwise: 1
  m_FillOrigin: 0
--- !u!222 &881066996
CanvasRenderer:
  m_ObjectHideFlags: 0
  m_PrefabParentObject: {fileID: 22273422, guid: 79fcefa0e9972fb4d94dbf3043f937a0,
    type: 2}
  m_PrefabInternal: {fileID: 0}
  m_GameObject: {fileID: 881066992}
--- !u!1 &973742920
GameObject:
  m_ObjectHideFlags: 0
  m_PrefabParentObject: {fileID: 0}
  m_PrefabInternal: {fileID: 0}
  serializedVersion: 4
  m_Component:
  - 224: {fileID: 973742921}
  - 222: {fileID: 973742923}
  - 114: {fileID: 973742922}
  m_Layer: 0
  m_Name: panelButton
  m_TagString: Untagged
  m_Icon: {fileID: 0}
  m_NavMeshLayer: 0
  m_StaticEditorFlags: 0
  m_IsActive: 0
--- !u!224 &973742921
RectTransform:
  m_ObjectHideFlags: 0
  m_PrefabParentObject: {fileID: 0}
  m_PrefabInternal: {fileID: 0}
  m_GameObject: {fileID: 973742920}
  m_LocalRotation: {x: 0, y: 0, z: 0, w: 1}
  m_LocalPosition: {x: 0, y: 0, z: 0}
  m_LocalScale: {x: 1, y: 1, z: 1}
  m_LocalEulerAnglesHint: {x: 0, y: 0, z: 0}
  m_Children: []
  m_Father: {fileID: 714729685}
  m_RootOrder: 2
  m_AnchorMin: {x: 0, y: 0}
  m_AnchorMax: {x: 1, y: 0.16454564}
  m_AnchoredPosition: {x: 0.000045776367, y: -5.4999638}
  m_SizeDelta: {x: 0, y: -11}
  m_Pivot: {x: 0.5, y: 0.5}
--- !u!114 &973742922
MonoBehaviour:
  m_ObjectHideFlags: 0
  m_PrefabParentObject: {fileID: 0}
  m_PrefabInternal: {fileID: 0}
  m_GameObject: {fileID: 973742920}
  m_Enabled: 1
  m_EditorHideFlags: 0
  m_Script: {fileID: -765806418, guid: f5f67c52d1564df4a8936ccd202a3bd8, type: 3}
  m_Name: 
  m_EditorClassIdentifier: 
  m_Material: {fileID: 0}
  m_Color: {r: 1, g: 1, b: 1, a: 0}
  m_RaycastTarget: 1
  m_OnCullStateChanged:
    m_PersistentCalls:
      m_Calls: []
    m_TypeName: UnityEngine.UI.MaskableGraphic+CullStateChangedEvent, UnityEngine.UI,
      Version=1.0.0.0, Culture=neutral, PublicKeyToken=null
  m_Sprite: {fileID: 10907, guid: 0000000000000000f000000000000000, type: 0}
  m_Type: 1
  m_PreserveAspect: 0
  m_FillCenter: 1
  m_FillMethod: 4
  m_FillAmount: 1
  m_FillClockwise: 1
  m_FillOrigin: 0
--- !u!222 &973742923
CanvasRenderer:
  m_ObjectHideFlags: 0
  m_PrefabParentObject: {fileID: 0}
  m_PrefabInternal: {fileID: 0}
  m_GameObject: {fileID: 973742920}
--- !u!1001 &1108422481
Prefab:
  m_ObjectHideFlags: 0
  serializedVersion: 2
  m_Modification:
    m_TransformParent: {fileID: 714729685}
    m_Modifications:
    - target: {fileID: 224000013935056084, guid: 9111f0caaa011e2429b3ac142e40befc,
        type: 2}
      propertyPath: m_LocalPosition.x
      value: 0
      objectReference: {fileID: 0}
    - target: {fileID: 224000013935056084, guid: 9111f0caaa011e2429b3ac142e40befc,
        type: 2}
      propertyPath: m_LocalPosition.y
      value: 0
      objectReference: {fileID: 0}
    - target: {fileID: 224000013935056084, guid: 9111f0caaa011e2429b3ac142e40befc,
        type: 2}
      propertyPath: m_LocalPosition.z
      value: 0
      objectReference: {fileID: 0}
    - target: {fileID: 224000013935056084, guid: 9111f0caaa011e2429b3ac142e40befc,
        type: 2}
      propertyPath: m_LocalRotation.x
      value: 0
      objectReference: {fileID: 0}
    - target: {fileID: 224000013935056084, guid: 9111f0caaa011e2429b3ac142e40befc,
        type: 2}
      propertyPath: m_LocalRotation.y
      value: 0
      objectReference: {fileID: 0}
    - target: {fileID: 224000013935056084, guid: 9111f0caaa011e2429b3ac142e40befc,
        type: 2}
      propertyPath: m_LocalRotation.z
      value: 0
      objectReference: {fileID: 0}
    - target: {fileID: 224000013935056084, guid: 9111f0caaa011e2429b3ac142e40befc,
        type: 2}
      propertyPath: m_LocalRotation.w
      value: 1
      objectReference: {fileID: 0}
    - target: {fileID: 224000013935056084, guid: 9111f0caaa011e2429b3ac142e40befc,
        type: 2}
      propertyPath: m_RootOrder
      value: 1
      objectReference: {fileID: 0}
    - target: {fileID: 224000013935056084, guid: 9111f0caaa011e2429b3ac142e40befc,
        type: 2}
      propertyPath: m_AnchoredPosition.x
      value: 0
      objectReference: {fileID: 0}
    - target: {fileID: 224000013935056084, guid: 9111f0caaa011e2429b3ac142e40befc,
        type: 2}
      propertyPath: m_AnchoredPosition.y
      value: 0
      objectReference: {fileID: 0}
    - target: {fileID: 224000013935056084, guid: 9111f0caaa011e2429b3ac142e40befc,
        type: 2}
      propertyPath: m_SizeDelta.x
      value: 0
      objectReference: {fileID: 0}
    - target: {fileID: 224000013935056084, guid: 9111f0caaa011e2429b3ac142e40befc,
        type: 2}
      propertyPath: m_SizeDelta.y
      value: 0
      objectReference: {fileID: 0}
    - target: {fileID: 224000013935056084, guid: 9111f0caaa011e2429b3ac142e40befc,
        type: 2}
      propertyPath: m_AnchorMin.x
      value: 0
      objectReference: {fileID: 0}
    - target: {fileID: 224000013935056084, guid: 9111f0caaa011e2429b3ac142e40befc,
        type: 2}
      propertyPath: m_AnchorMin.y
      value: 0
      objectReference: {fileID: 0}
    - target: {fileID: 224000013935056084, guid: 9111f0caaa011e2429b3ac142e40befc,
        type: 2}
      propertyPath: m_AnchorMax.x
      value: 1
      objectReference: {fileID: 0}
    - target: {fileID: 224000013935056084, guid: 9111f0caaa011e2429b3ac142e40befc,
        type: 2}
      propertyPath: m_AnchorMax.y
      value: 1
      objectReference: {fileID: 0}
    - target: {fileID: 224000013935056084, guid: 9111f0caaa011e2429b3ac142e40befc,
        type: 2}
      propertyPath: m_Pivot.x
      value: 0.5
      objectReference: {fileID: 0}
    - target: {fileID: 224000013935056084, guid: 9111f0caaa011e2429b3ac142e40befc,
        type: 2}
      propertyPath: m_Pivot.y
      value: 0.5
      objectReference: {fileID: 0}
    m_RemovedComponents: []
  m_ParentPrefab: {fileID: 100100000, guid: 9111f0caaa011e2429b3ac142e40befc, type: 2}
  m_IsPrefabParent: 0
--- !u!1001 &1148973300
Prefab:
  m_ObjectHideFlags: 0
  serializedVersion: 2
  m_Modification:
    m_TransformParent: {fileID: 714729685}
    m_Modifications:
    - target: {fileID: 22404948, guid: 09f6d9311104137408092010a4a58ff3, type: 2}
      propertyPath: m_LocalPosition.x
      value: 0
      objectReference: {fileID: 0}
    - target: {fileID: 22404948, guid: 09f6d9311104137408092010a4a58ff3, type: 2}
      propertyPath: m_LocalPosition.y
      value: 0
      objectReference: {fileID: 0}
    - target: {fileID: 22404948, guid: 09f6d9311104137408092010a4a58ff3, type: 2}
      propertyPath: m_LocalPosition.z
      value: 0
      objectReference: {fileID: 0}
    - target: {fileID: 22404948, guid: 09f6d9311104137408092010a4a58ff3, type: 2}
      propertyPath: m_LocalRotation.x
      value: 0
      objectReference: {fileID: 0}
    - target: {fileID: 22404948, guid: 09f6d9311104137408092010a4a58ff3, type: 2}
      propertyPath: m_LocalRotation.y
      value: 0
      objectReference: {fileID: 0}
    - target: {fileID: 22404948, guid: 09f6d9311104137408092010a4a58ff3, type: 2}
      propertyPath: m_LocalRotation.z
      value: 0
      objectReference: {fileID: 0}
    - target: {fileID: 22404948, guid: 09f6d9311104137408092010a4a58ff3, type: 2}
      propertyPath: m_LocalRotation.w
      value: 1
      objectReference: {fileID: 0}
    - target: {fileID: 22404948, guid: 09f6d9311104137408092010a4a58ff3, type: 2}
      propertyPath: m_RootOrder
      value: 4
      objectReference: {fileID: 0}
    - target: {fileID: 22404948, guid: 09f6d9311104137408092010a4a58ff3, type: 2}
      propertyPath: m_AnchoredPosition.x
      value: 0.000015258789
      objectReference: {fileID: 0}
    - target: {fileID: 22404948, guid: 09f6d9311104137408092010a4a58ff3, type: 2}
      propertyPath: m_AnchoredPosition.y
      value: -5.4999523
      objectReference: {fileID: 0}
    - target: {fileID: 22404948, guid: 09f6d9311104137408092010a4a58ff3, type: 2}
      propertyPath: m_SizeDelta.x
      value: 0
      objectReference: {fileID: 0}
    - target: {fileID: 22404948, guid: 09f6d9311104137408092010a4a58ff3, type: 2}
      propertyPath: m_SizeDelta.y
      value: -11
      objectReference: {fileID: 0}
    - target: {fileID: 22404948, guid: 09f6d9311104137408092010a4a58ff3, type: 2}
      propertyPath: m_AnchorMin.x
      value: 0
      objectReference: {fileID: 0}
    - target: {fileID: 22404948, guid: 09f6d9311104137408092010a4a58ff3, type: 2}
      propertyPath: m_AnchorMin.y
      value: 0
      objectReference: {fileID: 0}
    - target: {fileID: 22404948, guid: 09f6d9311104137408092010a4a58ff3, type: 2}
      propertyPath: m_AnchorMax.x
      value: 1
      objectReference: {fileID: 0}
    - target: {fileID: 22404948, guid: 09f6d9311104137408092010a4a58ff3, type: 2}
      propertyPath: m_AnchorMax.y
      value: 0.16454564
      objectReference: {fileID: 0}
    - target: {fileID: 22404948, guid: 09f6d9311104137408092010a4a58ff3, type: 2}
      propertyPath: m_Pivot.x
      value: 0.5
      objectReference: {fileID: 0}
    - target: {fileID: 22404948, guid: 09f6d9311104137408092010a4a58ff3, type: 2}
      propertyPath: m_Pivot.y
      value: 0.5
      objectReference: {fileID: 0}
    - target: {fileID: 132692, guid: 09f6d9311104137408092010a4a58ff3, type: 2}
      propertyPath: m_IsActive
      value: 0
      objectReference: {fileID: 0}
    m_RemovedComponents: []
  m_ParentPrefab: {fileID: 100100000, guid: 09f6d9311104137408092010a4a58ff3, type: 2}
  m_IsPrefabParent: 0
--- !u!224 &1148973301 stripped
RectTransform:
  m_PrefabParentObject: {fileID: 22404948, guid: 09f6d9311104137408092010a4a58ff3,
    type: 2}
  m_PrefabInternal: {fileID: 1148973300}
--- !u!1 &1174630405
GameObject:
  m_ObjectHideFlags: 0
  m_PrefabParentObject: {fileID: 0}
  m_PrefabInternal: {fileID: 0}
  serializedVersion: 4
  m_Component:
  - 4: {fileID: 1174630406}
  - 114: {fileID: 1174630411}
  - 114: {fileID: 1174630410}
  - 114: {fileID: 1174630409}
  - 114: {fileID: 1174630408}
  - 114: {fileID: 1174630407}
  m_Layer: 0
  m_Name: OxBooks
  m_TagString: Untagged
  m_Icon: {fileID: 0}
  m_NavMeshLayer: 0
  m_StaticEditorFlags: 0
  m_IsActive: 1
--- !u!4 &1174630406
Transform:
  m_ObjectHideFlags: 0
  m_PrefabParentObject: {fileID: 0}
  m_PrefabInternal: {fileID: 0}
  m_GameObject: {fileID: 1174630405}
  m_LocalRotation: {x: 0, y: 0, z: 0, w: 1}
  m_LocalPosition: {x: 0, y: 0, z: -14.625}
  m_LocalScale: {x: 1, y: 1, z: 1}
  m_LocalEulerAnglesHint: {x: 0, y: 0, z: 0}
  m_Children:
  - {fileID: 714729685}
  m_Father: {fileID: 0}
  m_RootOrder: 1
--- !u!114 &1174630407
MonoBehaviour:
  m_ObjectHideFlags: 0
  m_PrefabParentObject: {fileID: 0}
  m_PrefabInternal: {fileID: 0}
  m_GameObject: {fileID: 1174630405}
  m_Enabled: 1
  m_EditorHideFlags: 0
  m_Script: {fileID: 11500000, guid: 5e772af7299def241a64650c75723109, type: 3}
  m_Name: 
  m_EditorClassIdentifier: 
--- !u!114 &1174630408
MonoBehaviour:
  m_ObjectHideFlags: 0
  m_PrefabParentObject: {fileID: 0}
  m_PrefabInternal: {fileID: 0}
  m_GameObject: {fileID: 1174630405}
  m_Enabled: 1
  m_EditorHideFlags: 0
  m_Script: {fileID: 11500000, guid: 8e54a16831ef7b444b8d8ca002e18ea8, type: 3}
  m_Name: 
  m_EditorClassIdentifier: 
  SettingsView: {fileID: 0}
--- !u!114 &1174630409
MonoBehaviour:
  m_ObjectHideFlags: 0
  m_PrefabParentObject: {fileID: 0}
  m_PrefabInternal: {fileID: 0}
  m_GameObject: {fileID: 1174630405}
  m_Enabled: 1
  m_EditorHideFlags: 0
  m_Script: {fileID: 11500000, guid: 62d9cad1cf2e9b84dbc4c3f03625220c, type: 3}
  m_Name: 
  m_EditorClassIdentifier: 
  wrongAnswerSound: {fileID: 0}
  rightAnswerSound: {fileID: 0}
  levelCompleteSound: {fileID: 0}
  clickSound: {fileID: 0}
  music: {fileID: 0}
  KeyPressedSound: {fileID: 0}
  soundSource: {fileID: 0}
  musicSource: {fileID: 0}
  extraSource: {fileID: 0}
--- !u!114 &1174630410
MonoBehaviour:
  m_ObjectHideFlags: 0
  m_PrefabParentObject: {fileID: 0}
  m_PrefabInternal: {fileID: 0}
  m_GameObject: {fileID: 1174630405}
  m_Enabled: 1
  m_EditorHideFlags: 0
  m_Script: {fileID: 11500000, guid: 36ac043864189aa44bafbf7678f04ff5, type: 3}
  m_Name: 
  m_EditorClassIdentifier: 
  viewPanel: {fileID: 0}
--- !u!114 &1174630411
MonoBehaviour:
  m_ObjectHideFlags: 0
  m_PrefabParentObject: {fileID: 0}
  m_PrefabInternal: {fileID: 0}
  m_GameObject: {fileID: 1174630405}
  m_Enabled: 1
  m_EditorHideFlags: 0
  m_Script: {fileID: 11500000, guid: 7c18a518a39a42545821c311d9e639b2, type: 3}
  m_Name: 
  m_EditorClassIdentifier: 
  LastSelectedFilter: 0
--- !u!224 &1280672445 stripped
RectTransform:
  m_PrefabParentObject: {fileID: 224000013935056084, guid: 9111f0caaa011e2429b3ac142e40befc,
    type: 2}
  m_PrefabInternal: {fileID: 1108422481}
--- !u!1 &1506498441
GameObject:
  m_ObjectHideFlags: 0
  m_PrefabParentObject: {fileID: 171612, guid: 79fcefa0e9972fb4d94dbf3043f937a0, type: 2}
  m_PrefabInternal: {fileID: 0}
  serializedVersion: 4
  m_Component:
  - 224: {fileID: 1506498442}
  - 222: {fileID: 1506498444}
  - 114: {fileID: 1506498443}
  m_Layer: 0
  m_Name: Image
  m_TagString: Untagged
  m_Icon: {fileID: 0}
  m_NavMeshLayer: 0
  m_StaticEditorFlags: 0
  m_IsActive: 1
--- !u!224 &1506498442
RectTransform:
  m_ObjectHideFlags: 0
  m_PrefabParentObject: {fileID: 22430326, guid: 79fcefa0e9972fb4d94dbf3043f937a0,
    type: 2}
  m_PrefabInternal: {fileID: 0}
  m_GameObject: {fileID: 1506498441}
  m_LocalRotation: {x: 0, y: 0, z: 0.7071066, w: -0.70710695}
  m_LocalPosition: {x: 0, y: 0, z: 0}
  m_LocalScale: {x: 1, y: 1, z: 1}
  m_LocalEulerAnglesHint: {x: 0, y: 0, z: 0}
  m_Children: []
  m_Father: {fileID: 881066993}
  m_RootOrder: 0
  m_AnchorMin: {x: 0.5, y: 0.5}
  m_AnchorMax: {x: 0.5, y: 0.5}
  m_AnchoredPosition: {x: 23.979858, y: -0.5000076}
  m_SizeDelta: {x: 179, y: 179}
  m_Pivot: {x: 0.5, y: 0.5}
--- !u!114 &1506498443
MonoBehaviour:
  m_ObjectHideFlags: 0
  m_PrefabParentObject: {fileID: 11408242, guid: 79fcefa0e9972fb4d94dbf3043f937a0,
    type: 2}
  m_PrefabInternal: {fileID: 0}
  m_GameObject: {fileID: 1506498441}
  m_Enabled: 1
  m_EditorHideFlags: 0
  m_Script: {fileID: -765806418, guid: f5f67c52d1564df4a8936ccd202a3bd8, type: 3}
  m_Name: 
  m_EditorClassIdentifier: 
  m_Material: {fileID: 0}
  m_Color: {r: 0.09411766, g: 0.20784315, b: 0.3529412, a: 1}
  m_RaycastTarget: 1
  m_OnCullStateChanged:
    m_PersistentCalls:
      m_Calls: []
    m_TypeName: UnityEngine.UI.MaskableGraphic+CullStateChangedEvent, UnityEngine.UI,
      Version=1.0.0.0, Culture=neutral, PublicKeyToken=null
  m_Sprite: {fileID: 21300000, guid: 1f6c93617dc303f4f8382013b59d4614, type: 3}
  m_Type: 0
  m_PreserveAspect: 0
  m_FillCenter: 1
  m_FillMethod: 4
  m_FillAmount: 1
  m_FillClockwise: 1
  m_FillOrigin: 0
--- !u!222 &1506498444
CanvasRenderer:
  m_ObjectHideFlags: 0
  m_PrefabParentObject: {fileID: 22285768, guid: 79fcefa0e9972fb4d94dbf3043f937a0,
    type: 2}
  m_PrefabInternal: {fileID: 0}
  m_GameObject: {fileID: 1506498441}
--- !u!1001 &1533253385
Prefab:
  m_ObjectHideFlags: 0
  serializedVersion: 2
  m_Modification:
    m_TransformParent: {fileID: 714729685}
    m_Modifications:
    - target: {fileID: 22423506, guid: d36b6b4210bae4749a437f7449c189b3, type: 2}
      propertyPath: m_LocalPosition.x
      value: 0
      objectReference: {fileID: 0}
    - target: {fileID: 22423506, guid: d36b6b4210bae4749a437f7449c189b3, type: 2}
      propertyPath: m_LocalPosition.y
      value: 0
      objectReference: {fileID: 0}
    - target: {fileID: 22423506, guid: d36b6b4210bae4749a437f7449c189b3, type: 2}
      propertyPath: m_LocalPosition.z
      value: 0
      objectReference: {fileID: 0}
    - target: {fileID: 22423506, guid: d36b6b4210bae4749a437f7449c189b3, type: 2}
      propertyPath: m_LocalRotation.x
      value: 0
      objectReference: {fileID: 0}
    - target: {fileID: 22423506, guid: d36b6b4210bae4749a437f7449c189b3, type: 2}
      propertyPath: m_LocalRotation.y
      value: 0
      objectReference: {fileID: 0}
    - target: {fileID: 22423506, guid: d36b6b4210bae4749a437f7449c189b3, type: 2}
      propertyPath: m_LocalRotation.z
      value: 0
      objectReference: {fileID: 0}
    - target: {fileID: 22423506, guid: d36b6b4210bae4749a437f7449c189b3, type: 2}
      propertyPath: m_LocalRotation.w
      value: 1
      objectReference: {fileID: 0}
    - target: {fileID: 22423506, guid: d36b6b4210bae4749a437f7449c189b3, type: 2}
      propertyPath: m_RootOrder
      value: 5
      objectReference: {fileID: 0}
    - target: {fileID: 22423506, guid: d36b6b4210bae4749a437f7449c189b3, type: 2}
      propertyPath: m_AnchoredPosition.x
      value: -100
      objectReference: {fileID: 0}
    - target: {fileID: 22423506, guid: d36b6b4210bae4749a437f7449c189b3, type: 2}
      propertyPath: m_AnchoredPosition.y
      value: -100
      objectReference: {fileID: 0}
    - target: {fileID: 22423506, guid: d36b6b4210bae4749a437f7449c189b3, type: 2}
      propertyPath: m_SizeDelta.x
      value: 200
      objectReference: {fileID: 0}
    - target: {fileID: 22423506, guid: d36b6b4210bae4749a437f7449c189b3, type: 2}
      propertyPath: m_SizeDelta.y
      value: 200
      objectReference: {fileID: 0}
    - target: {fileID: 22423506, guid: d36b6b4210bae4749a437f7449c189b3, type: 2}
      propertyPath: m_AnchorMin.x
      value: 1
      objectReference: {fileID: 0}
    - target: {fileID: 22423506, guid: d36b6b4210bae4749a437f7449c189b3, type: 2}
      propertyPath: m_AnchorMin.y
      value: 1
      objectReference: {fileID: 0}
    - target: {fileID: 22423506, guid: d36b6b4210bae4749a437f7449c189b3, type: 2}
      propertyPath: m_AnchorMax.x
      value: 1
      objectReference: {fileID: 0}
    - target: {fileID: 22423506, guid: d36b6b4210bae4749a437f7449c189b3, type: 2}
      propertyPath: m_AnchorMax.y
      value: 1
      objectReference: {fileID: 0}
    - target: {fileID: 22423506, guid: d36b6b4210bae4749a437f7449c189b3, type: 2}
      propertyPath: m_Pivot.x
      value: 0.5
      objectReference: {fileID: 0}
    - target: {fileID: 22423506, guid: d36b6b4210bae4749a437f7449c189b3, type: 2}
      propertyPath: m_Pivot.y
      value: 0.5
      objectReference: {fileID: 0}
    - target: {fileID: 184940, guid: d36b6b4210bae4749a437f7449c189b3, type: 2}
      propertyPath: m_IsActive
      value: 1
      objectReference: {fileID: 0}
    m_RemovedComponents: []
  m_ParentPrefab: {fileID: 100100000, guid: d36b6b4210bae4749a437f7449c189b3, type: 2}
  m_IsPrefabParent: 0
--- !u!224 &1533253386 stripped
RectTransform:
  m_PrefabParentObject: {fileID: 22423506, guid: d36b6b4210bae4749a437f7449c189b3,
    type: 2}
  m_PrefabInternal: {fileID: 1533253385}
--- !u!1 &2043263578
GameObject:
  m_ObjectHideFlags: 0
  m_PrefabParentObject: {fileID: 0}
  m_PrefabInternal: {fileID: 0}
  serializedVersion: 4
  m_Component:
  - 4: {fileID: 2043263583}
  - 20: {fileID: 2043263582}
  - 92: {fileID: 2043263581}
  - 124: {fileID: 2043263580}
  - 81: {fileID: 2043263579}
  m_Layer: 0
  m_Name: Main Camera
  m_TagString: MainCamera
  m_Icon: {fileID: 0}
  m_NavMeshLayer: 0
  m_StaticEditorFlags: 0
  m_IsActive: 1
--- !u!81 &2043263579
AudioListener:
  m_ObjectHideFlags: 0
  m_PrefabParentObject: {fileID: 0}
  m_PrefabInternal: {fileID: 0}
  m_GameObject: {fileID: 2043263578}
  m_Enabled: 1
--- !u!124 &2043263580
Behaviour:
  m_ObjectHideFlags: 0
  m_PrefabParentObject: {fileID: 0}
  m_PrefabInternal: {fileID: 0}
  m_GameObject: {fileID: 2043263578}
  m_Enabled: 1
--- !u!92 &2043263581
Behaviour:
  m_ObjectHideFlags: 0
  m_PrefabParentObject: {fileID: 0}
  m_PrefabInternal: {fileID: 0}
  m_GameObject: {fileID: 2043263578}
  m_Enabled: 1
--- !u!20 &2043263582
Camera:
  m_ObjectHideFlags: 0
  m_PrefabParentObject: {fileID: 0}
  m_PrefabInternal: {fileID: 0}
  m_GameObject: {fileID: 2043263578}
  m_Enabled: 1
  serializedVersion: 2
  m_ClearFlags: 1
  m_BackGroundColor: {r: 0.19215687, g: 0.3019608, b: 0.4745098, a: 0.019607844}
  m_NormalizedViewPortRect:
    serializedVersion: 2
    x: 0
    y: 0
    width: 1
    height: 1
  near clip plane: 0.3
  far clip plane: 1000
  field of view: 60
  orthographic: 1
  orthographic size: 5
  m_Depth: -1
  m_CullingMask:
    serializedVersion: 2
    m_Bits: 4294967295
  m_RenderingPath: -1
  m_TargetTexture: {fileID: 0}
  m_TargetDisplay: 0
  m_TargetEye: 3
  m_HDR: 0
  m_OcclusionCulling: 1
  m_StereoConvergence: 10
  m_StereoSeparation: 0.022
  m_StereoMirrorMode: 0
--- !u!4 &2043263583
Transform:
  m_ObjectHideFlags: 0
  m_PrefabParentObject: {fileID: 0}
  m_PrefabInternal: {fileID: 0}
  m_GameObject: {fileID: 2043263578}
  m_LocalRotation: {x: 0, y: 0, z: 0, w: 1}
  m_LocalPosition: {x: 0, y: -20, z: -10}
  m_LocalScale: {x: 1, y: 1, z: 1}
  m_LocalEulerAnglesHint: {x: 0, y: 0, z: 0}
  m_Children: []
  m_Father: {fileID: 0}
  m_RootOrder: 0
